<?xml version="1.0" encoding="UTF-8"?><collection xmlns="http://www.loc.gov/MARC21/slim"><record><leader>00439nam--2200133-i-4500</leader><controlfield tag="001">000045835</controlfield><controlfield tag="002">20161230</controlfield><controlfield tag="005">20161230201045</controlfield><controlfield tag="008">060222s1000------------r-----000-0-eng-d</controlfield><datafield ind1=" " ind2=" " tag="080"><subfield code="a">620.171.1(043)</subfield></datafield><datafield ind1=" " ind2=" " tag="100"><subfield code="a">Tudora-antoniu,Anabela</subfield></datafield><datafield ind1=" " ind2=" " tag="245"><subfield code="a">Metode si instalatii de control destructiv multiparametric. studii privind realizarea si testarile palpatoarelor ultrasonice. teza</subfield></datafield><datafield ind1=" " ind2=" " tag="260"><subfield code="a">Bucuresti, Icf, 1988. 147 P. + Fig</subfield></datafield><datafield ind1=" " ind2=" " tag="852"><subfield code="a">74803</subfield></datafield></record></collection>